%http://amath.colorado.edu/documentation/LaTeX/reference/faq/bibstyles.html

@MISC{openkinect,
author = {OpenKinect},
title = {OpenKinect Wiki},
year = {2012},
howpublished={\url{http://openkinect.org/wiki/Main_Page}},
}


@MISC{rakuten,
author = {Rakuten group},
title = {Pay.com},
year = {2012},
howpublished={\url{http://www.play.com/Games/Xbox360/4-/10296372/Kinect/Product.html}},
}

@MISC{Microsoft_sdn,
author = {Microsoft},
title = {Msdn},
year = {2012},
howpublished={\url{http://msdn.microsoft.com/en-us/library/hh362855}},
}

@book{wheeldin2005no,
  title={The "No Assumptions" Guide to Windows XP},
  author={Wheeldin, M.},
  isbn={9780955026300},
  year={2005}, 
  publisher={Chestnut Cove Solutions}
}
@book{cuerpo,
  title={Cuerpo de Gesti{\'o}n Administrativa},
  author={Wheeldin, M.},
  isbn={9788466559447},
  year={2005},
  publisher={MAD-Eduforma}
}

@MISC{Desing,
	author = {Sun Microsystems},
	title = {Desing Guidelines},
	year = {1999},
	howpublished={\url{http://java.sun.com/products/jlf/ed1/dg/higq.htm}}
} 

@MISC{Diccionario,
	author = {ALEGSA},
	title = {Diccionario de informática},
	howpublished={\url{http://www.alegsa.com.ar/Dic/api.php}}
}

@book{Expert,
   author = "Jérôme Lafosse",
   title= "Expert IT Struts 2 - El framework de desarrollo de aplicaciones Java EE",
   publisher = "Ediciones ENI",
   year = 2010
}
%CORREGIR BIBLIOGRAFIA
%http://gekkotaku.com/2010/07/kinect-especificaciones-tecnicas/
%http://kotaku.com/5576002/here-are-kinects-technical-specs
%http://www.matuk.com/2011/11/09/el-kinect-no-sabe-lo-que-le-espera/
%http://www.fayerwayer.com/2011/04/mix11-microsoft-adelanta-caracteristicas-del-sdk-beta-de-kinect-para-windows/
%http://intellekt.ws/blogs/david/?tag=sdk
%http://mstechsmart.wordpress.com/2012/02/01/
%www.microsoft.com/en-us/kinectforwindows/
%www.channel9.msdn.com/coding4fun/kinect